<record><leader>00000cas a22000007a 4500</leader><controlfield tag="001">17235022</controlfield><controlfield tag="008">871214d18541860ohuwr ne      0    0eng d</controlfield><datafield ind1=" " ind2=" " tag="010"><subfield code="a">sn 87075266 </subfield></datafield><datafield ind1=" " ind2=" " tag="040"><subfield code="a">ONP</subfield><subfield code="b">eng</subfield><subfield code="c">ONP</subfield><subfield code="d">OCLCQ</subfield></datafield><datafield ind1=" " ind2=" " tag="042"><subfield code="a">msc</subfield></datafield><datafield ind1="0" ind2=" " tag="130"><subfield code="a">Independent Republican (Saint Clairsville, Ohio)</subfield></datafield><datafield ind1="1" ind2="0" tag="245"><subfield code="a">Independent Republican.</subfield></datafield><datafield ind1=" " ind2=" " tag="260"><subfield code="a">St. Clairsville, Ohio :</subfield><subfield code="b">J.H. Thompson,</subfield><subfield code="c">-1860.</subfield></datafield><datafield ind1=" " ind2=" " tag="310"><subfield code="a">Weekly</subfield></datafield><datafield ind1="1" ind2=" " tag="362"><subfield code="a">Began with July 21, 1854 issue.</subfield></datafield><datafield ind1="0" ind2=" " tag="362"><subfield code="a">-v. 8, no. 26 (Dec. 6, 1860).</subfield></datafield><datafield ind1=" " ind2=" " tag="588"><subfield code="a">Description based on: Vol. 2, no. 34 (Mar. 6, 1856).</subfield></datafield><datafield ind1=" " ind2=" " tag="752"><subfield code="a">United States</subfield><subfield code="b">Ohio</subfield><subfield code="c">Belmont</subfield><subfield code="d">Saint Clairsville.</subfield></datafield><datafield ind1="0" ind2="0" tag="785"><subfield code="t">Independent Republican and Ohio union guard</subfield><subfield code="w">(DLC)sn 87075265</subfield></datafield></record>